@online{online:arduino,
    title = {Produktseite vom Arduino Uno Rev3},
    year = 2020,
    url = {https://store.arduino.cc/arduino-uno-rev3},
    urldate = {2020-11-06}
}

@online{online:avrboard,
    title = {Setup AVR-GCC},
    url = {https://create.arduino.cc/projecthub/milanistef/introduction-to-bare-metal-programming-in-arduino-uno-f3e2b4},
    urldate = {2020-12-24}
}

@online{online:avr,
    title = {AVR-GCC},
    url = {https://www.mikrocontroller.net/articles/AVR-GCC},
    urldate = {2021-01-01}
}
